@misc{elevatorSpeed,
	ALTauthor = {Fortune, James W.},
	ALTeditor = {editor},
	title = {How Fast Should Tall Building Elevators Go?},
	year = {2014},
	journal = {Ask a CTBUH Expert},
	url = {http://www.ctbuh.org/LinkClick.aspx?fileticket=k8a6x1dFxxw%3D&tabid=6497&language=en-GB},
	note = {Last Accessed: 07/03/2018},
}


@misc{hb100_appNote,
	ALTauthor = {AgilSense},
	ALTeditor = {editor},
	title = {MSAN-001 X-Band Microwave Motion Sensor Module Application Note },
	year = {2016},
	journal = {ST Electronics},
}


